@Book{coddrules,
ALTauthor = {Codd E.F., Codd S.B., and Salley C.T. },
title = {Providing OLAP (On-line Analytical Processing) to User-Analysts: An IT Mandate},
publisher = {Codd \& Date Inc},
year = {1993}
}

@thesis{thesis,
	author = {Leonard, Edward M.},
	title = {Design and Implementation of an Enterprise Data
	Warehouse},
	type = {Master's Theses},
	institution = {Marquette University},
	date = {2009},
}

@Online{intellipaat,
author = {Chittora, Diwakar},
title =  {Data Warehouse Overview},
month = {apr},
year = {},
url = {https://intellipaat.com/tutorial/data-warehouse-tutorial/data-warehouse-overview/}
}

@Online{oracle,
	author = {Hurd, Mark},
	title =  {Oracle Website},
	year = {2016},
	url = {https://www.oracle.com}
}

@Online{microsoft,
	author = {Nadella, Satya},
	title =  {Microsoft - Analysis Services},
	year = {2016},
	url = {https://technet.microsoft.com/en-us/library/bb522607}
}

@Online{ibm,
	author = {Rometty, Virginia},
	title =  {Cognos TM1},
	year = {2016},
	url = {http://www-03.ibm.com/software/products/en/cognostm1}
}

@Online{sap,
	author = {McDermott, Bill},
	title =  {SAP - Website},
	year = {2016},
	url = {http://go.sap.com/index.html}
}

@Online{semi-additiv,
	author = {Whittles, Alex},
	title =  {Semi-Additive Measures},
	year = {2008},
	url = {http://www.purplefrogsystems.com/blog/2008/04/semi-additive-measures-using-sql-server-standard/}
}
